@article{adams2002fast,
  title={Fast iterative methods for discrete-ordinates particle transport calculations},
  author={Adams, Marvin L and Larsen, Edward W},
  journal={Progress in nuclear energy},
  volume={40},
  number={1},
  pages={3--159},
  year={2002},
  publisher={Elsevier}
}

@article{ragusa2010two,
  title={A two-mesh adaptive mesh refinement technique for SN neutral-particle transport using a higher-order DGFEM},
  author={Ragusa, Jean C and Wang, Yaqi},
  journal={Journal of computational and applied mathematics},
  volume={233},
  number={12},
  pages={3178--3188},
  year={2010},
  publisher={Elsevier}
}
